<?xml version="1.0" encoding="UTF-8"?><record xmlns="http://www.loc.gov/MARC21/slim" xmlns:cinclude="http://apache.org/cocoon/include/1.0" xmlns:zs="http://www.loc.gov/zing/srw/">
  <leader>00550cz  a2200133n  4500</leader>
  <controlfield tag="001">n  88014751 </controlfield>
  <controlfield tag="003">DLC</controlfield>
  <controlfield tag="005">20120804082602.0</controlfield>
  <controlfield tag="008">880824n| acannaab           |n ana      </controlfield>
  <datafield tag="010" ind1=" " ind2=" ">
    <subfield code="a">n  88014751 </subfield>
  </datafield>
  <datafield tag="040" ind1=" " ind2=" ">
    <subfield code="a">DLC</subfield>
    <subfield code="b">eng</subfield>
    <subfield code="c">DLC</subfield>
    <subfield code="d">DLC</subfield>
  </datafield>
  <datafield tag="111" ind1="2" ind2=" ">
    <subfield code="a">Symposium on Optical Signal Processing</subfield>
    <subfield code="d">(1988 :</subfield>
    <subfield code="c">Los Angeles, Calif.)</subfield>
  </datafield>
  <datafield tag="667" ind1=" " ind2=" ">
    <subfield code="a">THIS 1XX FIELD CANNOT BE USED UNDER RDA UNTIL THIS RECORD HAS BEEN REVIEWED AND/OR UPDATED</subfield>
  </datafield>
  <datafield tag="670" ind1=" " ind2=" ">
    <subfield code="a">Computer-generated holography II, c1988:</subfield>
    <subfield code="b">p. vi (Symposium on Optical Signal Processing, 10-17 Jan., 1988, Los Angeles, Calif.)</subfield>
  </datafield>
</record>